@ARTICLE{AbrahantesEtal07,
    author = {Cortinas Abrahantes, Jos\'e  and Legrand, Catherine and Burzykowski, Tomasz 
    and Janssen, Paul and Ducrocq,Vincent and Duchateau, Luc},
    title = {Comparison of Different Estimation Procedures for Proportional Hazards
    Model with Random Effects},
    journal = {Computational Statistics \& Data Analysis},
    year = {2007},
    volume = {51},
    pages = {3919--3930},
    number = {8},
    doi = {10.1016/j.csda.2006.03.009}
}

@article{Cox72,
	author = {Cox, D. R.},
	title = {Regression Models and Life-Tables},
	journal = {Journal of the Royal Statistical Society B},
	volume = {34},
	number = {2},
	pages = {187--220},
	year = {1972},
	url = {http://www.jstor.org/stable/2985181}
}

@article{DuchateauEtal02,
  author = {Duchateau, L. and Janssen, P. and Lindsey, P. and Legrand, C. and Nguti, R. and Sylvester, R.},
  title = {The Shared Frailty Model and the Power for Heterogeneity Tests in Multicenter Trials},
  journal = {Computational Statistics and Data Analysis},
  volume = {40},
  number = {3},
  pages = {603--620},
  year = {2002},
  doi = {10.1016/S0167-9473(02)00057-9}
}

@book{DuchateauJanssen08,
	publisher = {Springer-Verlag},
	author = {Duchateau, L. and Janssen, P.},
	title = {The Frailty Model},
	year = {2008}
}

@article{GliddenVittinghoff04,
  title={Modelling Clustered Survival Data From Multicentre Clinical Trials},
  author={Glidden, D.V. and Vittinghoff, E.},
  journal={Statistics in Medicine},
  volume={23},
  number={3},
  pages={369--388},
  year={2004},
  publisher={Wiley Online Library},
  doi = {10.1002/sim.1599}
}

@article{Gutierrez02,
	author = {Gutierrez, R. G.},
	title = {Parametric Frailty and Shared Frailty Survival Models},
	journal = {Stata Journal},
	volume = {2},
	number = {1},
	pages = {22--44},
	year = {2002}
}

@article{Hougaard86,
	Publisher = {Biometrika Trust},
	author = {Hougaard, P.},
	title = {Survival Models for Heterogeneous Populations Derived from Stable Distributions},
	journal = {Biometrika},
	volume = {73},
	number = {2},
	pages = {387--396},
	year = {1986},
	doi = {10.2307/2336215}
}

@article{Hougaard95,
  Publisher = {Springer-Verlag},
  author = {Hougaard, Philip},
  title = {Frailty Models for Survival Data},
  journal = {Lifetime Data Analysis},
  volume = {1},
  number = {3},
  pages = {255--273},
  year = {1995}
}

@Book{Hougaard00,
	Publisher = {Springer-Verlag},
	author = {Hougaard, P.},
	title = {Analysis of Multivariate Survival Data},
	year = {2000}
}

@article{Kendall38,
  author = {Kendall, M. G.},
  title = {A New Measure of Rank Correlation},
  journal = {Biometrika},
  volume = {30},
  number = {1/2},
  pages = {81--93},
  year = {1938},
  doi = {10.1093/biomet/30.1-2.81}
}

@article{Klein92,
  author = {Klein, JP},
  title = {Semiparametric estimation of random effects using the Cox model based on the EM algorithm},
  journal = {Biometrics},
  volume = {48},
  number = {3},
  pages = {795--806},
  year = {1992}
}

@BOOK{KleinMoeschberger2003,
  title = {Survival Analysis: Techniques for Censored and Truncated Data},
  publisher = {Springer-Verlag},
  year = {2003},
  author = {Klein, John P. and Moeschberger, Melvin L.}
}

@article{Lancaster79,
  title={Econometric methods for the duration of unemployment},
  author={Lancaster, T.},
  journal={Econometrica},
  pages={939--956},
  year={1979},
  publisher={JSTOR},
  doi = {10.2307/1914140}
}

@article{McGilchristAisbett91,
  author = {McGilchrist, C. A. and Aisbett, C. W.},
  title = {Regression with Frailty in Survival Analysis},
  journal = {Biometrics},
  pages = {461--466},
  volume = {47},
  number ={2},
  year = {1991},
    doi = {10.2307/2532138}
}

@book{McCullochSearle01,
	publisher = {Wiley, New York},
	author = {McCulloch, C. E. and Searle, S. R.},
	title = {Generalized, Linear, and Mixed Models},
	journal = {John Wiley \& Sons},
	year = {2001}
}

@manual{R,
	address = {Vienna, Austria},
	Author:corp = {R Foundation for Statistical Computing},
	note = {ISBN 3-900051-07-0},
	organisation = {\proglang{R} Foundation for Statistical Computing},
	Url = {http://www.R-project.org/},
	author = {{\proglang{R} Development Core Team}},
	title = {\proglang{R}: A Language and Environment for Statistical Computing},
	year = {2012}
}

@Manual{R:coxme,
    title = {\pkg{coxme}: Mixed Effects Cox Models.},
    author = {Terry Therneau},
    year = {2012},
    note = {\proglang{R} package version~2.2-3},
    url = {http://CRAN.R-project.org/package=coxme}
  }

@Manual{R:eha,
    title = {\pkg{eha}: Event History Analysis},
    author = {G\"oran Brostr\"om},
    year = {2012},
    note = {\proglang{R} package version 2.0-7},
    url = {http://CRAN.R-project.org/package=eha}
  }

@Manual{R:frailtypack,
    title = {\pkg{frailtypack}: General Frailty Models Using a Semi-Parametrical Penalized
      Likelihood Estimation or a Parametrical Estimation},
    author = {Juan R. Gonzalez and Virginie Rondeau and Yassin Mazroui and Amadou Diakite},
    year = {2012},
    note = {\proglang{R} package version~2.2-23},
    url = {http://CRAN.R-project.org/package=frailtypack}
  }

@Manual{R:parfm,
    title = {\pkg{parfm}: Parametric Frailty Models},
    author = {Federico Rotolo and Marco Munda},
    year = {2012},
    note = {\proglang{R} package version~2.02},
    url = {http://CRAN.R-project.org/package=parfm}
  }  
  
@Manual{R:survival,
    title = {\pkg{survival}: Survival Analysis, Including Penalised Likelihood},
    author = {Therneau, TM},
    year = {2012},
    note = {\proglang{R} package version~2.36-14},
    url = {http://CRAN.R-project.org/package=survival}
  }
  
@Manual{R:phmm,
    title = {\pkg{phmm}: Proportional Hazards Mixed-Effects Model},
    author = {Michael Donohue and Ronghui Xu},
    year = {2012},
    note = {\proglang{R} package version~0.7-4},
    url = {http://CRAN.R-project.org/package=phmm}
  }

@article{RondeauEtal03,
  Publisher = {Springer},
  URL = {http://www.springerlink.com/content/j8210n074j180732/fulltext.pdf},
  author = {Rondeau, V. and Commenges, D. and Joly, P.},
  title = {Maximum penalized likelihood estimation in a gamma-frailty model},
  journal = {Lifetime Data Analysis},
  volume = {9},
  number = {2},
  pages = {139-153},
  year = {2003}
}

@article{RondeauGonzales05,
  Publisher = {Elsevier},
  author = {Rondeau, V. and Gonzalez, J. R.},
  title = {\pkg{frailtypack}: A Computer Program for the Analysis of Correlated Failure Time Data Using Penalized Likelihood Estimation},
  journal = {Computer Methods and Programs in Biomedicine},
  volume = {80},
  number = {2},
  pages = {154--164},
  year = {2005},
    doi={10.1016/j.cmpb.2005.06.010}
}

@article{RondeauEtal12,
  author = {Rondeau, V. and Mazroui, Y. and Gonzalez, J. R.},
  title = {\pkg{frailtypack}: An \proglang{R} Package for the Analysis 
    of Correlated Survival Data with Frailty Models Using Penalized Likelihood Estimation},
   journal = {Journal of Statistical Software},
   volume = {47},
   number = {1},
   year = {2012},
   keywords = {},
   pages = {1--28},
   doi = {10.18637/jss.v047.i04}
}

@Manual{SAS,
  author  = {{\proglang{SAS} Institute Inc.}},
  title   = {\proglang{SAS/STAT} Software, Version~9.3},
  year    = {2011},
  address = {Cary, NC},
  url     = {http://www.sas.com/}
}

@inproceedings{ShuKlein99,
  booktitle = {Proceedings of the Statistical Computing  Section},
  organisation = {American Statistical  Association},
  author = {Shu, Y. and Klein, J. P. },
  title = {A \proglang{SAS} Macro for the Positive Stable Frailty Model},
  pages = {47--52},
  volume = {},
  year = {1999}
}

@Manual{STATA,
  author  = {StataCorp},
  publisher = {Stata Press},
  title   = {\proglang{STATA} 12 Base Reference Manual},
  year    = {2011},
  address = {College Station, TX},
  url     = {http://www.stata.com/}
}

@BOOK{TherneauGrambsch00,
  title = {Modeling Survival Data: Extending the Cox Model},
  publisher = {Springer-Verlag},
  year = {2000},
  author = {Terry M. Therneau and Patricia M. Grambsch}
}

@article{vandenBergDrepper12,
  author={van den Berg, G. J. and Drepper, B.},
  title={Inference for shared-frailty survival models with left-truncated data},
  journal={Econometric Reviews},
  volume = {35},
  number = {6},
  pages = {1075--1098},
  year = {2016},
  doi = {10.1080/07474938.2014.975640}
}

@article{VaupelEtal79,
    Publisher = {Population Association of America},
    author = {Vaupel, J. W. and Manton, Kenneth G. and Stallard, E.},
    title = {The Impact of Heterogeneity in Individual Frailty on the Dynamics of Mortality},
    journal = {Demography},
    volume = {16},
    number = {3},
    pages = {439--454},
    year = {1979},
    doi ={10.2307/2061224}
}

@article{WangEtal95,
	Publisher = {John Wiley \& Sons},
	author = {Wang, S. T. and Klein, J. P. and Moeschberger, M. L.},
	title = {Semi-parametric Estimation of Covariate Effects Using the Positive Stable Frailty Model},
	journal = {Applied Stochastic Models and Data Analysis},
	volume = {11},
	number = {2},
	pages = {121--133},
	year = {1995},
    doi ={10.1002/asm.3150110203}
}

@book{Wienke10,
	publisher = {Taylor and Francis},
	series = {Chapman \& Hall/CRC biostatistics series},
	author = {Wienke, A.},
	title = {Frailty Models in Survival Analysis},
	year = {2010}
}

@article{WienkeHirsch11,
  title = {Software for Semiparametric Shared Gamma and Log-Normal Frailty Models: An Overview},
  journal = {Computer Methods and Programs in Biomedicine},
  volume = {107},
  number = {3},
  year = {2012},
  author = {Katharina Hirsch and Andreas Wienke},
  doi = {10.1016/j.cmpb.2011.05.004}
}

@unpublished{Winbugs,
    title={\proglang{WinBUGS} User Manual},
    author={Spiegelhalter, D. and Thomas, A. and Best, N. and Lunn, D.},
    note={MRC Biostatistics Unit, Institute of Public Health, Cambridge, UK},
    year={2003},
    url={http://www.mrc-bsu.cam.ac.uk/bugs/winbugs/contents.shtml}
}

@article{MundaEtal12,
    author = {Munda, Marco and Rotolo, Federico and Legrand, Catherine},
    title = {\texttt{parfm}: Parametric Frailty Models in \texttt{R}},
    journal = {Journal of Statistical Software},
    year = {2012},
    volume = {51},
    number = {1},
    month = nov,
    doi = {10.18637/jss.v051.i11}
}

@article{GoutisCasella99,
    title={Explaining the saddlepoint approximation},
    author={Goutis, C and Casella, G},
    journal={The American Statistician},
    volume={53},
    number={3},
    pages={216--224},
    year={1999},
    doi={10.1080/00031305.1999.10474463},
    publisher={Taylor \& Francis Group}
}

@article{azzalini85,
  title={A class of distributions which includes the normal ones},
  author={Azzalini, A},
  journal={Scandinavian Journal of Statistics},
  pages={171--178},
  year={1985},
  volume=12,
  number=2,
  url={http://www.jstor.org/stable/4615982}
}


@article{R:optimx,
    title = {Unifying Optimization Algorithms to Aid Software System
  Users: \pkg{optimx} for \proglang{R}.},
    author = {Nash, JC and Varadhan,  R},
    year = {2011},
  journal={Journal of Statistical Software},
  volume=43,
  number=9,
  url={http://www.jstatsoft.org/v43/i09}
  }